% This file was created with JabRef 2.6.
% Encoding: ISO8859_1

@ARTICLE{amano1988,
  author = {{Amano}, {T}.},
  title = {{I}s the dissociative recombination of {H}3(+) really slow? {A} new
	spectroscopic measurement of the rate constant},
  journal = {Astrophys. J. Lett.},
  year = {1988},
  volume = {329},
  pages = {L121-L124},
  month = jun,
  adsnote = {Provided by the SAO/NASA Astrophysics Data System},
  adsurl = {http://adsabs.harvard.edu/abs/1988ApJ...329L.121A},
  doi = {10.1086/185190},
  keywords = {HYDROGEN IONS, INFRARED SPECTRA, MOLECULAR CLOUDS, MOLECULAR IONS,
	REACTION KINETICS, RECOMBINATION REACTIONS, CHEMICAL EVOLUTION, ELECTRON
	ENERGY, ELECTROSTATIC PROBES, INTERSTELLAR MATTER},
  owner = {stepan},
  timestamp = {2011.12.02}
}

@ARTICLE{bates1993,
  author = {{Bates}, {D}.~{R}. and {Guest}, {M}.~{F}. and {Kendall}, {R}.~{A}.},
  title = {{E}nigma of {H}3+ dissociative recombination},
  journal = {Planet. Space Sci.},
  year = {1993},
  volume = {41},
  pages = {9-15},
  month = jan,
  adsnote = {Provided by the SAO/NASA Astrophysics Data System},
  adsurl = {http://adsabs.harvard.edu/abs/1993P%26SS...41....9B},
  doi = {10.1016/0032-0633(93)90011-P},
  keywords = {ELECTRON-ION RECOMBINATION, GAS DISSOCIATION, MOLECULAR IONS, RECOMBINATION
	REACTIONS, TRITIUM, ELECTRON STATES, MOLECULAR INTERACTIONS, REACTION
	KINETICS, RECOMBINATION COEFFICIENT},
  owner = {stepan},
  timestamp = {2011.12.02}
}

@ARTICLE{bates1964,
  author = {{Bates}, {D}.~{R}. and {Kingston}, {A}.~{E}.},
  title = {{C}ollisional-radiative recombination at low temperatures and densities},
  journal = {Proc. Phys. Soc.},
  year = {1964},
  volume = {83},
  pages = {43-47},
  month = jan,
  adsnote = {Provided by the SAO/NASA Astrophysics Data System},
  adsurl = {http://adsabs.harvard.edu/abs/1964PPS....83...43B},
  doi = {10.1088/0370-1328/83/1/307},
  owner = {stepan},
  timestamp = {2011.12.02}
}

@ARTICLE{collins1972,
  author = {{Collins}, {C}.~{B}. and {Hicks}, {H}.~{S}. and {Wells}, {W}.~{E}.
	and {Burton}, {R}.},
  title = {{M}easurement of the {R}ate {C}oefficient for the {R}ecombination
	of {H}e$^{+}$ with {E}lectrons},
  journal = {Phys. Rev. A},
  year = {1972},
  volume = {6},
  pages = {1545-1558},
  month = oct,
  adsnote = {Provided by the SAO/NASA Astrophysics Data System},
  adsurl = {http://adsabs.harvard.edu/abs/1972PhRvA...6.1545C},
  doi = {10.1103/PhysRevA.6.1545},
  owner = {stepan},
  timestamp = {2011.12.02}
}

@ARTICLE{Angelo1961,
  author = {{D}'{A}ngelo, {N}.},
  title = {{R}ecombination of {I}ons and {E}lectrons},
  journal = {Phys. Rev.},
  year = {1961},
  volume = {121},
  pages = {505--507},
  month = {Jan},
  doi = {10.1103/PhysRev.121.505},
  issue = {2},
  owner = {stepan},
  publisher = {American Physical Society},
  timestamp = {2011.12.02},
  url = {http://link.aps.org/doi/10.1103/PhysRev.121.505}
}

@ARTICLE{deloche1976,
  author = {{Deloche}, {R}. and {Monchicourt}, {P}. and {Cheret}, {M}. and {Lambert},
	{F}.},
  title = {{H}igh-pressure helium afterglow at room temperature},
  journal = {Phys. Rev. A},
  year = {1976},
  volume = {13},
  pages = {1140-1176},
  month = mar,
  adsnote = {Provided by the SAO/NASA Astrophysics Data System},
  adsurl = {http://adsabs.harvard.edu/abs/1976PhRvA..13.1140D},
  doi = {10.1103/PhysRevA.13.1140},
  owner = {stepan},
  timestamp = {2011.12.02}
}

@ARTICLE{2009PhRvA..79e2707G,
  author = {{Glos{\'{\i}}k}, {J}. and {Pla{\v s}il}, {R}. and {Korolov}, {I}.
	and {Kotr{\'{\i}}k}, {T}. and {Novotn{\'y}}, {O}. and {Hlavenka},
	{P}. and {Dohnal}, {P}. and {Varju}, {J}. and {Kokoouline}, {V}.
	and {Greene}, {C}.~{H}.},
  title = {{T}emperature dependence of binary and ternary recombination of {H}3+
	ions with electrons},
  journal = {Phys. Rev. A},
  year = {2009},
  volume = {79},
  pages = {052707},
  number = {5},
  month = may,
  eid = {052707},
  adsnote = {Provided by the SAO/NASA Astrophysics Data System},
  adsurl = {http://adsabs.harvard.edu/abs/2009PhRvA..79e2707G},
  archiveprefix = {arXiv},
  doi = {10.1103/PhysRevA.79.052707},
  eprint = {0903.1656},
  keywords = {Electron-ion recombination and electron attachment, Theory of electronic
	structure, electronic transitions, and chemical binding, Laboratory
	studies of space- and astrophysical-plasma processes},
  owner = {stepan},
  primaryclass = {physics.plasm-ph},
  timestamp = {2011.12.02}
}

@ARTICLE{robertson1965,
  author = {{W}. {W}. {R}obertson},
  title = {{C}ollisional-{R}adiative {R}ecombination of {H}e[sub 2][sup + ]
	into {D}issociative {S}tates},
  journal = {J. Chem. Phys.},
  year = {1965},
  volume = {42},
  pages = {2064-2070},
  number = {6},
  doi = {10.1063/1.1696248},
  owner = {stepan},
  publisher = {AIP},
  timestamp = {2011.12.02},
  url = {http://link.aip.org/link/?JCP/42/2064/1}
}

@ARTICLE{santos2007,
  author = {{S}amantha {F}onseca dos {S}antos and {V}iatcheslav {K}okoouline
	and {C}hris {H}. {G}reene},
  title = {{D}issociative recombination of {H}[sub 3][sup +] in the ground and
	excited vibrational states},
  journal = {J. Chem. Phys.},
  year = {2007},
  volume = {127},
  pages = {124309},
  number = {12},
  eid = {124309},
  doi = {10.1063/1.2784275},
  keywords = {dissociation; excited states; ground states; hydrogen ions; ion recombination;
	reaction rate constants; rotational states; vibrational states},
  numpages = {8},
  owner = {stepan},
  publisher = {AIP},
  timestamp = {2011.12.02},
  url = {http://link.aip.org/link/?JCP/127/124309/1}
}

@ARTICLE{Skrzypkowski200423,
  author = {{M}.{P} {S}krzypkowski and {R} {J}ohnsen and {R}.{E} {R}osati and
	{M}.{F} {G}olde},
  title = {{F}lowing-afterglow measurements of collisional radiative recombination
	of argon ions},
  journal = {Chem. Phy.},
  year = {2004},
  volume = {296},
  pages = {23 - 27},
  number = {1},
  doi = {10.1016/j.chemphys.2003.09.032},
  issn = {0301-0104},
  owner = {stepan},
  timestamp = {2011.12.02},
  url = {http://www.sciencedirect.com/science/article/pii/S0301010403005056}
}

@ARTICLE{stevefelt1975,
  author = {{Stevefelt}, {J}. and {Boulmer}, {J}. and {Delpech}, {J}.-{F}.},
  title = {{C}ollisional-radiative recombination in cold plasmas},
  journal = {Phys. Rev. A},
  year = {1975},
  volume = {12},
  pages = {1246-1251},
  month = oct,
  adsnote = {Provided by the SAO/NASA Astrophysics Data System},
  adsurl = {http://adsabs.harvard.edu/abs/1975PhRvA..12.1246S},
  doi = {10.1103/PhysRevA.12.1246},
  owner = {stepan},
  timestamp = {2011.12.02}
}

@ARTICLE{varju2011,
  author = {{Varju}, {J}. and {Hejduk}, {M}. and {Dohnal}, {P}. and {J{\'{\i}}lek},
	{M}. and {Kotr{\'{\i}}k}, {T}. and {Pla{\v s}il}, {R}. and {Gerlich},
	{D}. and {Glos{\'{\i}}k}, {J}.},
  title = {{N}uclear {S}pin {E}ffect on {R}ecombination of {H}3+ {I}ons with
	{E}lectrons at 77 {K}},
  journal = {Phys. Rev. Lett.},
  year = {2011},
  volume = {106},
  pages = {203201},
  number = {20},
  month = may,
  eid = {203201},
  adsnote = {Provided by the SAO/NASA Astrophysics Data System},
  adsurl = {http://adsabs.harvard.edu/abs/2011PhRvL.106t3201V},
  doi = {10.1103/PhysRevLett.106.203201},
  keywords = {Electron-ion recombination and electron attachment, Spin dependence
	of cross sections; polarized electron beam experiments, Laboratory
	studies of space- and astrophysical-plasma processes, Molecular and
	chemical processes and interactions},
  owner = {stepan},
  timestamp = {2011.12.02}
}

@comment{jabref-meta: selector_publisher:}

@comment{jabref-meta: selector_author:}

@comment{jabref-meta: selector_journal:}

@comment{jabref-meta: selector_keywords:}

