% This file was created with JabRef 2.7b.
% Encoding: ISO8859_1

@PREAMBLE{ {\providecommand{\noopsort}[1]{}} }

@STRING{ACMTRANSMATH = {ACM Transactions on Mathematical Software}}

@STRING{APJ = {The Astrophysical Journal}}

@STRING{APL = {Applied Physics Letters}}

@STRING{CONTRIBPP = {Contributions to Plasma Physics}}

@STRING{CPP = {Computer Physics Communications}}

@STRING{JAP = {Journal of Applied Physics}}

@STRING{JCHEMPHYS = {The Journal of Chemical Physics}}

@STRING{JCOMPPHYS = {Journal of Computational Physics}}

@STRING{JPHYSCONFSER = {Journal of Physics: Conference Series}}

@STRING{JPHYSD = {Journal of Physics D: Applied Physics}}

@STRING{JPHYSE = {Journal of Physics E: Scientific Instruments}}

@STRING{JSTATSOFT = {Journal of Statistical Software}}

@STRING{PHYSREV = {Physical Review}}

@STRING{PHYSREVE = {Physical Review E}}

@STRING{PLASMASST = {Plasma Sources Science and Technology}}

@STRING{PNAS = {Proceedings of the National academy of Sciences of the United States
	of America}}

@PHDTHESIS{simekphd,
  author = {{\noopsortSZZ}{≈}†imek, {J}i{≈}ô{√}≠},
  title = {{R}ozvoj metod po{ƒ}ç{√}≠ta{ƒ}çov{√}© fyziky pro fyziku plazmatu
	a fyziku tenk{√}Ωch vrstev},
  school = {MFF UK},
  year = {2006}
}

@ARTICLE{cizek1998ndh,
  author = {{\v C}\'i{\v z}ek, {M}. and {H}or\'a{\v c}ek, {J}. and {D}omcke,
	{W}.},
  title = {{N}uclear dynamics of the {H} collision complex beyond the local
	approximation: associative detachment and dissociative attachment
	to rotationally and vibrationally excited molecules},
  journal = {Journal of Physics B: Atomic, Molecular and Optical Physics},
  year = {1998},
  volume = {31},
  pages = {2571--2583},
  publisher = {Institute of Physics Publishing}
}

@ARTICLE{barnes1986hnl,
  author = {{B}arnes, {J}. and {H}ut, {P}.},
  title = {{A} hierarchical ${O} ({N} \log {N})$ force-calculation algorithm},
  journal = {Nature},
  year = {1986},
  volume = {324},
  pages = {446--449},
  number = {6096}
}

@PHDTHESIS{bartos,
  author = {{B}arto{\v s}, {P}etr},
  title = {{H}ybridn{√}≠ modelov{√}°n{√}≠ ve fyzice plazmatu},
  school = {MFF UK},
  year = {2007}
}

@ARTICLE{beamson1980cam,
  author = {{B}eamson, {G}. and {P}orter, {HQ} and {T}urner, {DW}},
  title = {{T}he collimating and magnifying properties of a superconducting
	field photoelectron spectrometer},
  journal = JPHYSE,
  year = {1980},
  volume = {13},
  pages = {64}
}

@BOOK{bonin1997,
  title = {{E}lectric-dipole {P}olarizabilities of {A}toms, {M}olecules, and
	{C}lusters},
  publisher = {World Scientific Publishing Co Pte Ltd},
  year = {1997},
  author = {{B}onin, {K}. {D}. and {K}resin, {V}. {V}.}
}

@ARTICLE{Borodi2009,
  author = {{G}. {B}orodi and {A}. {L}uca and {D}. {G}erlich},
  title = {{R}eactions of $\rm {CO}_2^+$ with {H}, $\rm {H}_2$ and deuterated
	analogues},
  journal = {International Journal of Mass Spectrometry},
  year = {2009},
  volume = {280},
  pages = {218 - 225},
  number = {1-3},
  _note = {Ion-molecule and ion-surface interactions: A special issue honoring
	Zdenek Herman on the occasion of his 75th birthday},
  _url = {http://www.sciencedirect.com/science/article/B6VND-4TFW9GS-3/2/708397d794adb6267f488ace5467842e},
  doi = {DOI: 10.1016/j.ijms.2008.09.004},
  issn = {1387-3806},
  keywords = {Ion-atom reactions}
}

@ARTICLE{box1958ngr,
  author = {{B}ox, {G}.{E}.{P}. and {M}uller, {M}.{E}.},
  title = {{A} note on the generation of random normal deviates},
  journal = {Annals of Mathematical Statistics},
  year = {1958},
  volume = {29},
  pages = {610--611},
  number = {2},
  publisher = {JSTOR}
}

@ARTICLE{boyer88,
  author = {{T}imothy {H}. {B}oyer},
  title = {{T}he force on a magnetic dipole},
  journal = {American Journal of Physics},
  year = {1988},
  volume = {56},
  pages = {688-692},
  number = {8},
  _url = {http://link.aip.org/link/?AJP/56/688/1},
  doi = {10.1119/1.15501},
  keywords = {MAGNETIC DIPOLES; FORCES; MAGNETIC FIELDS; ELECTRIC CURRENTS},
  publisher = {AAPT}
}

@UNPUBLISHED{brok1998,
  author = {{B}rok, {W}. {J}. {M}.},
  title = {{T}he effect of dust on the argon metastable density in an {RF}-discharge},
  note = {Trainee report VDF/NG 98-07, Eindhoven University of Technology,
	Eindhoven, The Netherlands},
  year = {1998}
}

@MISC{dieharder,
  author = {{B}rown, {R}obert {G}.},
  year = {2008},
  url = {http://www.phy.duke.edu/~rgb/General/dieharder.php}
}

@INPROCEEDINGS{capitelli1979,
  author = {{C}apitelli, {M}. and {D}ilonardo, {M}. and {G}orse, {C}.},
  title = {{S}elf consistent electron energy distribution functions in non-equilibrium
	oxygen},
  booktitle = {XIV${}^{\text{th}}$ International Conference on Phenomena in Ionized
	Gases},
  year = {1979},
  address = {Grenoble, France}
}

@ARTICLE{cartwright1998,
  author = { {C}artwright, {K}. {L}. and {V}erboncoeur, {J}. {P}. and {B}irdsall,
	{C}. {K}.},
  title = {{N}onlinear {H}ybrid {B}oltzmann-{PIC} {A}cceleration {S}cheme},
  year = {1998},
  address = {Berkeley},
  publisher = {Electronics Research Laboratory UC}
}

@ARTICLE{chantry1987sfd,
  author = {{C}hantry, {P}. {J}.},
  title = {{A} simple formula for diffusion calculations involving wall reflection
	and low density},
  journal = JAP,
  year = {1987},
  volume = {62},
  pages = {1141-1148},
  number = {4},
  _doi = {10.1063/1.339662},
  _url = {http://link.aip.org/link/?JAP/62/1141/1},
  keywords = {GASES; DIFFUSION; DIFFUSION LENGTH; REFLECTION; SCATTERING; WALL EFFECTS;
	MATHEMATICAL MODELS; MEAN FREE PATH; THREEDIMENSIONAL CALCULATIONS;
	BOUNDARY CONDITIONS},
  publisher = {AIP}
}

@BOOK{chen,
  title = {{√}övod do fyziky plazmatu},
  publisher = {Academia},
  year = {1984},
  author = { {C}hen, {F}. {F}. },
  address = {Praha}
}

@ARTICLE{davis2004,
  author = {{D}avis, {T}imothy {A}.},
  title = {{A} column pre-ordering strategy for the unsymmetric-pattern multifrontal
	method},
  journal = ACMTRANSMATH,
  year = {2004},
  volume = {30},
  pages = {165--195},
  number = {2},
  _doi = {http://doi.acm.org/10.1145/992200.992205},
  _issn = {0098-3500},
  address = {New York, NY, USA},
  publisher = {ACM}
}

@ARTICLE{umfpack,
  author = {{D}avis, {T}. {A}.},
  title = {{A}lgorithm 832: {UMFPACK}, an unsymmetric-pattern multifrontal method},
  journal = ACMTRANSMATH,
  year = {2004},
  volume = {30},
  pages = {196-199},
  number = {2}
}

@ARTICLE{davis1999,
  author = {{D}avis, {T}imothy {A}. and {D}uff, {I}ain {S}.},
  title = {{A} combined unifrontal/multifrontal method for unsymmetric sparse
	matrices},
  journal = ACMTRANSMATH,
  year = {1999},
  volume = {25},
  pages = {1--20},
  number = {1},
  _doi = {http://doi.acm.org/10.1145/305658.287640},
  _issn = {0098-3500},
  address = {New York, NY, USA},
  publisher = {ACM}
}

@ARTICLE{debye1923zte,
  author = {{D}ebye, {P}. and {H}{\"u}ckel, {E}.},
  title = {{Z}ur {T}heorie der {E}lektrolyte. {I}. {G}efrierpunktserniedrigung
	und verwandte {E}rscheinungen},
  journal = {Physikalische Zeitschrift},
  year = {1923},
  volume = {24},
  pages = {185-206},
  number = {9}
}

@BOOK{eliasson,
  title = {{B}asic data for modelling of electrical discharge in gasses: oxygen},
  publisher = {Brown Boveri Forschungszentrum},
  year = {1986},
  author = {{E}liasson, {B}.},
  address = {Baden}
}

@PHDTHESIS{entlicher,
  author = {{E}ntlicher, {M}artin},
  title = {{N}ov{√}© algoritmy {ƒ}ç{√}°sticov{√}©ho modelov{√}°n{√}≠ metodou
	molekul{√}°rn{√}≠ dynamiky},
  school = {MFF UK},
  year = {2004}
}

@ARTICLE{fehsenfeld1973ter,
  author = {{F}ehsenfeld, {F}. {C}. and {H}oward, {C}. {J}. and {F}erguson, {E}.
	{E}.},
  title = {{T}hermal energy reactions of negative ions with {H} atoms in the
	gas phase},
  journal = {The Journal of Chemical Physics},
  year = {1973},
  volume = {58},
  pages = {5841}
}

@ARTICLE{ferreira1985pmr,
  author = {{C}. {M}. {F}erreira and {J}. {L}oureiro and {A}. {R}icard},
  title = {{P}opulations in the metastable and the resonance levels of argon
	and stepwise ionization effects in a low-pressure argon positive
	column},
  journal = JAP,
  year = {1985},
  volume = {57},
  pages = {82-90},
  number = {1},
  _doi = {10.1063/1.335400},
  _url = {http://link.aip.org/link/?JAP/57/82/1},
  keywords = {ARGON; IONIZATION; METASTABLE STATES; ELECTRIC DISCHARGES; EXCITATION;
	ELECTRIC FIELDS; ENERGYLEVEL DENSITY; RESONANCE; ENERGY LEVELS; ELECTRIC
	CURRENTS; EXCITED STATES; ELECTRICAL PUMPING; ELECTRONATOM COLLISIONS;
	OPACITY},
  publisher = {AIP}
}

@ARTICLE{frost1962rem,
  author = {{F}rost, {L}. {S}. and {P}helps, {A}. {V}.},
  title = {{R}otational excitation and momentum transfer cross sections for
	electrons in $\rm {H}_2$ and $\rm {N}_2$ from transport coefficients},
  journal = PHYSREV,
  year = {1962},
  volume = {127},
  pages = {1621--1633}
}

@ARTICLE{gerlich1992,
  author = {{G}erlich, {D}.},
  title = {{I}nhomogeneous {RF} fields: a versatile tool for the study of processes
	with slow ions},
  journal = {Adv. Chem. Phys},
  year = {1992},
  volume = {82},
  number = {1}
}

@CONFERENCE{gerlich2009,
  author = {{G}erlich, {D}. and {B}orodi, {G}.},
  title = {{B}uffer gas cooling of polyatomic ions in rf multi-electrode traps},
  booktitle = {Faraday Discussion 142},
  year = {2009},
  url = {http://www.tu-chemnitz.de\-/physik/ION/Publications/ger09a.pdf}
}

@ARTICLE{glover2006,
  author = {{S}. {C}. {G}lover and {D}. {W}. {S}avin and {A}.-{K}. {J}appsen},
  title = {{C}osmological {I}mplications of the {U}ncertainty in {H}${}^-$ {D}estruction
	{R}ate {C}oefficients},
  journal = APJ,
  year = {2006},
  volume = {640},
  pages = {553-568},
  number = {2},
  abstract = {In primordial gas, molecular hydrogen forms primarily through associative
	detachment of H- and H, thereby destroying the H-. The H- anion can
	also be destroyed by a number of other reactions, most notably by
	mutual neutralization with protons. However, neither the associative
	detachment nor the mutual neutralization rate coefficients are well
	determined: both may be uncertain by as much as an order of magnitude.
	This introduces a corresponding uncertainty into the H2 formation
	rate, which may have cosmological implications. Here we examine the
	effect that these uncertainties have on the formation of H2 and the
	cooling of protogalactic gas in a variety of situations. We show
	that the effect is particularly large for protogalaxies forming in
	previously ionized regions, affecting our predictions of whether
	or not a given protogalaxy can cool and condense within a Hubble
	time, and altering the strength of the ultraviolet background that
	is required to prevent collapse.},
  url = {http://stacks.iop.org/0004-637X/640/553}
}

@UNPUBLISHED{gotoblas,
  author = {{G}oto, {K}azushige},
  title = {{G}oto{BLAS}},
  com_note = {Dostupn√© online \url{http://www.tacc.utexas.edu/resources/software/#blas}},
  howpublished = {Available online},
  url = {http://www.tacc.utexas.edu/resources/software/#blas}
}

@ARTICLE{greengard1987fap,
  author = {{G}reengard, {L}. and {R}okhlin, {V}.},
  title = {{A} fast algorithm for particle simulations},
  journal = JCOMPPHYS,
  year = {1987},
  volume = {73},
  pages = {325--348},
  number = {2},
  publisher = {Academic Press Professional, Inc. San Diego, CA, USA}
}

@ARTICLE{grossmannova2007hmp,
  author = {{G}rossmannov{\'a}, {H}. and {C}ig{\'a}nek, {M}. and {K}r{\v c}ma,
	{F}.},
  title = {{H}igh-molecular products analysis of {VOC} destruction in atmospheric
	pressure discharge},
  journal = JPHYSCONFSER,
  year = {2007},
  volume = {63},
  pages = {012011},
  number = {1},
  publisher = {Institute of Physics Publishing}
}

@ARTICLE{hays1974sce,
  author = {{H}ays, {G}. {N}. and {T}racy, {C}. {J}. and {O}skam, {H}. {J}.},
  title = {{S}urface catalytic efficiency of a sputtered molybdenum layer on
	quartz and {P}yrex for the recombination of nitrogen atoms},
  journal = JCHEMPHYS,
  year = {1974},
  volume = {60},
  pages = {2027-2034},
  number = {5},
  _doi = {10.1063/1.1681311},
  _url = {http://link.aip.org/link/?JCP/60/2027/1},
  publisher = {AIP}
}

@BOOK{hockney,
  title = {{C}omputer {S}imulation {U}sing {P}articles},
  publisher = {Adam Hilger},
  year = {1988},
  author = {{H}ockney, {R}. {W}. and {E}astwood, {J}. {W}.},
  address = {Bristol}
}

@ARTICLE{holstein1946ede,
  author = {{H}olstein, {T}.},
  title = {{E}nergy distribution of electrons in high frequency gas discharges},
  journal = PHYSREV,
  year = {1946},
  volume = {70},
  pages = {367--384}
}

@BOOK{hrachpfi,
  title = {{POƒ}å{√}ç{TAƒ}å{OV√}Å {FYZIKA} {I}},
  publisher = {P≈ô√≠rodovƒõdeck√° fakulta Univerzity Jana Evangelisty Purkynƒõ},
  year = {2003},
  author = {{H}rach, {R}udolf},
  address = {√öst√≠ nad Labem}
}

@ARTICLE{ionin2007,
  author = {{I}onin, {A}. {A}. and {K}ochetov, {I}. {V}. and {N}apartovich, {A}.
	{P}. and {Y}uryshev, {N}. {N}.},
  title = {{P}hysics and engineering of singlet delta oxygen production in low-temperature
	plasma},
  journal = JPHYSD,
  year = {2007},
  volume = {5},
  pages = {R25--R61}
}

@ARTICLE{iza2006mcm,
  author = {{I}za, {F}. and {L}ee, {J}. {K}.},
  title = {{M}oment conserving method for modelling multiple collisions in particle
	simulations},
  journal = JPHYSD,
  year = {2006},
  volume = {39},
  pages = {1853--1865},
  number = {9},
  publisher = {Institute of Physics Publishing}
}

@ARTICLE{kaenders96,
  author = {{K}aenders, {W}. {G}. and {L}ison, {F}. and {M}\"uller, {I}. and
	{R}ichter, {A}. and {W}ynands, {R}. and {M}eschede, {D}. },
  title = {{R}efractive components for magnetic atom optics},
  journal = {Phys. Rev. A},
  year = {1996},
  volume = {54},
  pages = {5067--5075},
  number = {6},
  month = {Dec},
  doi = {10.1103/PhysRevA.54.5067},
  numpages = {8},
  publisher = {American Physical Society}
}

@ARTICLE{kolev2004,
  author = {{K}olev, {I}. and {B}ogaerts, {A}.},
  title = {{N}umerical {M}odels of the {P}lanar {M}agnetron {G}low {D}ischarges},
  journal = CONTRIBPP,
  year = {2004},
  volume = {44},
  pages = {582--588},
  number = {7--8}
}

@ARTICLE{kossyi1992,
  author = {{K}ossyi, {I}. {A}. and {K}ostinsky, {A}. {Y}u. and {M}atveyev, {A}.
	{A}. and {S}ilakov, {V}. {P}.},
  title = {{K}inetic scheme of the non-enquilibrium discharge in nitrogen-oxygen
	mixtures},
  journal = PLASMASST,
  year = {1992},
  volume = {1},
  pages = {207--220}
}

@BOOK{kracikvelky,
  title = {{Z√}°klady klasick{√}© a kvantov{√}© fyziky plazmatu},
  publisher = {Academia},
  year = {1974},
  author = {{K}rac{\'i}k, {J}i{\v r}\'i and {≈}†est\'ak, {B}ed{\v r}ich and {A}ubrecht,
	{L}ud{\v e}k},
  address = {Praha}
}

@BOOK{landau2003gmc,
  title = {{A} {G}uide to {M}onte {C}arlo {S}imulations in {S}tatistical {P}hysics},
  publisher = {Cambridge university press},
  year = {2003},
  author = {{L}andau, {D}. {P}. and {B}inder, {K}.},
  address = {Cambridge},
  edition = {second}
}

@ARTICLE{langmuir1928oig,
  author = {{L}angmuir, {I}.},
  title = {{O}scillations in ionized gases},
  journal = PNAS,
  year = {1928},
  volume = {14},
  pages = {627--637}
}

@ARTICLE{laroussi2005rta,
  author = {{M}. {L}aroussi and {X}. {L}u},
  title = {{R}oom-temperature atmospheric pressure plasma plume for biomedical
	applications},
  journal = APL,
  year = {2005},
  volume = {87},
  pages = {113902},
  number = {11},
  _doi = {10.1063/1.2045549},
  _url = {http://link.aip.org/link/?APL/87/113902/1},
  keywords = {plasma sources; plasma applications; plasma devices; luminescence;
	skin; dentistry; biomedical equipment},
  numpages = {3},
  publisher = {AIP}
}

@BOOK{liu1999ap,
  title = {{A}ir {P}ollution},
  publisher = {CRC Press},
  year = {1999},
  author = {{L}iu, {H}. {F}. {D}avid and {L}ipt{√}°k, {B√}©la {G}},
  address = {Boca Raton}
}

@MISC{marsagliagenerators,
  author = {{M}arsaglia, {G}eorge},
  title = {{R}andom numbers for {C}: {E}nd, at last?},
  year = {1999},
  url = {http://oldmill.uchicago.edu/~wilder/Code/random/Papers/msg0014147.html}
}

@MISC{diehard,
  author = {{M}arsaglia, {G}eorge},
  title = {{D}iehard {B}attery of {T}ests of {R}andomness},
  year = {1995},
  publisher = {Florida State University},
  url = {http://stat.fsu.edu/pub/diehard/}
}

@ARTICLE{marsaglia2000,
  author = {{M}arsaglia, {G}eorge and {T}sang, {W}ai {W}an},
  title = {{T}he {Z}iggurat {M}ethod for {G}enerating {R}andom {V}ariables},
  journal = JSTATSOFT,
  year = {2000},
  volume = {5},
  pages = {1--7},
  number = {8},
  month = {10},
  _issn = {1548-7660},
  _url = {http://www.jstatsoft.org/v05/i08}
}

@BOOK{martisovits,
  title = {{Z√}°klady fyziky plazmy},
  publisher = {Fakulta matematiky, fyziky a informatiky Univerzita Komensk√©ho},
  year = {2004},
  author = {{M}arti{\v s}ovit{\v s}, {V}iktor},
  address = {Bratislava}
}

@MISC{FEMM,
  author = {{M}eeker, {D}. {C}.},
  title = {{F}inite {E}lement {M}ethod {M}agnetics},
  year = {2009},
  note = {Version 4.2 (01Apr2009 Build)},
  url = {http://femm.foster-miller.net}
}

@ARTICLE{morgan1990etd,
  author = {{M}organ, {W}. {L}. and {P}enetrante, {B}. {M}.},
  title = {{ELENDIF}: {A} time-dependent {B}oltzmann solver for partially ionized
	plasmas},
  journal = CPP,
  year = {1990},
  volume = {58},
  pages = {127--152}
}

@ARTICLE{mueller2007uos,
  author = {{M}ueller, {T}. {O}. and {C}owan, {J}. and {S}wanson, {E}.},
  title = {{T}he {U}se of {O}xygen in {SEM} {P}lasma {C}leaning {E}quipment},
  journal = {Microscopy and Microanalysis},
  year = {2007},
  volume = {13},
  pages = {210--211},
  publisher = {Cambridge University Press}
}

@MISC{nadler2006,
  author = {{B}oaz {N}adler},
  title = {{D}esign {F}laws in the {I}mplementation of the {Z}iggurat and {M}onty
	{P}ython methods (and some remarks on {M}atlab randn)},
  year = {2006},
  url = {http://arxiv.org/abs/math/0603058}
}

@ARTICLE{nanbu1995ins,
  author = {{N}anbu, {K}. and {K}itatani, {Y}.},
  title = {{A}n ion-neutral species collision model for particle simulation
	of glow discharge},
  journal = JPHYSD,
  year = {1995},
  volume = {28},
  pages = {324--330}
}

@MASTERSTHESIS{odehnal,
  author = {{O}dehnal, {P}etr},
  title = {{S}tudium interakce chemicky aktivn{√}≠ho plazmatu s povrchy pevn{√}Ωch
	l{√}°tek},
  year = {1996}
}

@ARTICLE{pekarek2007ipm,
  author = {{P}ek{\'a}rek, {Z}. and {L}ahuta, {M}. and {H}rach, {R}.},
  title = {{I}mproving performance of multi-dimensional {P}article-{I}n-{C}ell
	codes for modelling of medium pressure plasma},
  journal = JPHYSCONFSER,
  year = {2007},
  volume = {63},
  pages = {012009},
  number = {1},
  publisher = {Institute of Physics Publishing}
}

@UNPUBLISHED{phelps,
  author = {{P}helps, {A}. {V}.},
  title = {{COMPILATION} {OF} {ELECTRON} {CROSS} {SECTIONS}},
  howpublished = {(nepublikov√°no)},
  url = {http://jilawww.colorado.edu/~avp/collision_data/}
}

@ARTICLE{phipps27,
  author = {{P}hipps, {T}. {E}. and {T}aylor, {J}. {B}.},
  title = {{T}he {M}agnetic {M}oment of the {H}ydrogen {A}tom},
  journal = {Phys. Rev.},
  year = {1927},
  volume = {29},
  pages = {309--320},
  number = {2},
  month = {Feb},
  doi = {10.1103/PhysRev.29.309},
  numpages = {11},
  publisher = {American Physical Society}
}

@BOOK{nrecipes,
  title = {{N}umerical {R}ecipes in {C}},
  publisher = {Cambridge university press},
  year = {2002},
  author = { {P}ress, {W}. {H}. and {T}eukolsky, {S}. {A}. and {V}etterling,
	{W}. {T}. and {F}lannery, {B}. {P}.},
  address = {Cambridge},
  edition = {second},
  _address = {Cambridge, New York, Port Chester, Melbourne, Sydney}
}

@BOOK{ralston,
  title = {{Z√}°klady numerick{√}© matematiky},
  publisher = {Academia},
  year = {1973},
  author = {{R}alston, {A}nthony},
  address = {Praha}
}

@BOOK{rektorys2,
  title = {{P≈}ôehled u{≈}æit{√}© matematiky {II}},
  publisher = {Prometheus},
  year = {2000},
  author = {{R}ektorys, {K}arel and others},
  address = {Praha}
}

@MISC{bakule,
  author = {{R}ou{\v c}ka, {\v S}t{ƒ}õp{√}°n},
  title = {{P}o{ƒ}ç{√}≠ta{ƒ}çov{√}© modelov{√}°n{√}≠ interakce n{√}≠zkoteplotn{√}≠ho
	plazmatu s pevn{√}Ωmi l{√}°tkami},
  year = {2006},
  note = {bakal√°≈ôsk√° pr√°ce, MFF UK}
}

@INPROCEEDINGS{roucka2009,
  author = {{R}ou{\v c}ka, {\v S}. and {P}odoln{\'i}k, {A}. and {J}usko, {P}.
	and {K}otr{\'i}k, {T}. and {P}la{\v s}il, {R}. and {G}los{\'i}k,
	{J}.},
  title = {{C}ombination of a 22-pole {T}rap with an {E}lectron {E}nergy {F}ilter
	-- {S}tudy of {A}ssociative {D}etachment $\text{H}^- + \text{H}\to
	\text{H}_2 + \text{e}^-$},
  booktitle = {WDS'09 Proceedings of Contributed Papers: Part II ‚Äì Physics},
  year = {2009},
  pages = {121--128},
  address = {Prague, Czech Republic},
  publisher = {Matfyzpress}
}

@ARTICLE{sa1992eee,
  author = {{S}a, {PA} and {L}oureiro, {J}. and {F}erreira, {CM}},
  title = {{E}ffects of electron-electron collisions on the characteristics
	of {DC} and microwave discharges in argon at low pressures},
  journal = JPHYSD,
  year = {1992},
  volume = {25},
  pages = {960--966},
  number = {6},
  publisher = {Institute of Physics Publishing}
}

@ARTICLE{schmeltekopf1967lmr,
  author = {{S}chmeltekopf, {AL} and {F}ehsenfeld, {FC} and {F}erguson, {EE}},
  title = {{L}aboratory measurement of the rate constant for $\rm {H}^- + {H}
	\to {H}_2 + e$.},
  journal = APJ,
  year = {1967},
  volume = {148}
}

@ARTICLE{sommerer1992,
  author = {{S}ommerer, {T}. {J}. and {K}ushner, {M}. {J}.},
  title = {{N}umerical investigation of the kinetics and chemistry of rf glow
	discharge plasmas sustained in {H}e, {N}2, 02, e/{N}2/02, {H}e/{CF}4/02,
	and {S}i{H}4/{NH}3 using a {M}onte {C}arlo-fluid hybrid model},
  journal = JAP,
  year = {1992},
  volume = {71},
  pages = {1654--1673},
  number = {4}
}

@ARTICLE{stoffels1995,
  author = {{S}toffels, {E} and {S}toffels, {W}. {W}. and {V}ender, {D}. and
	{K}ando, {M}. and {K}roesen, {G}. {M}. {W}. and de {H}oog, {F}. {J}.},
  title = {{N}egative ions in a radio-frequency oxygen plasma},
  journal = PHYSREVE,
  year = {1995},
  volume = {51},
  number = {3}
}

@BOOK{sugawara1998,
  title = {{P}lasma {E}tching: {F}undamentals and {A}pplications},
  publisher = {Oxford University Press},
  year = {1998},
  author = {{S}ugawara, {M}inoru and {S}tansfield, {B}arry {L}.}
}

@ARTICLE{vahedi1994mcc,
  author = {{V}ahedi, {V}. and {S}urendra, {M}.},
  title = {{A} {M}onte {C}arlo collision model for the particle-in-cell method:
	applications to argon and oxygen discharges},
  journal = CPP,
  year = {1995},
  volume = {87},
  pages = {179--198}
}

@ARTICLE{vasiljeva2004,
  author = {{V}asiljeva, {A}. {N}. and {K}lopovskiy, {K}. {S}. and {K}ovalev,
	{A}. {S}. and {L}opaev, {D}. {V}. and {M}ankelevich, {Y}. {A}. and
	{P}opov, {N}. {A}. and {R}akhimov, {A}. {T}. and {R}akhimova, {T}.
	{V}.},
  title = {{O}n the possibility of ${\rm O}_2(a^1\{D}elta_g)$ production by
	a non-self-sustained discharge for oxygen‚Äìiodine laser pumping},
  journal = JPHYSD,
  year = {2004},
  volume = {37},
  pages = {2455--2468}
}

@BOOK{fenicsbook,
  title = {Automated Solution of Differential Equations by the Finite Element
	Method},
  publisher = {Springer},
  year = {2012},
  editor = {Logg Anders and Mardal Kent-andre and Wells Garth},
  owner = {rouckas},
  timestamp = {2012.03.25}
}

@MISC{boost,
  title = {{TODO}}
}

@MISC{getpot,
  title = {{TODO}}
}

